@misc{kolosov2022another,
    title = {{Another approach to get derivative of odd-power (Source files)}},
    author = {{Kolosov, Petro}},
    journal = {{GitHub}},
    howpublished = {Published electronically at \url{https://github.com/kolosovpetro/AnotherApproachToGetDerivativeOfOddPower}},
    year = {2022}
}