@article{kolosov2016link,
    title = {{On the link between Binomial Theorem and Discrete Convolution of Polynomials}},
    author = {Kolosov, Petro},
    journal = {arXiv preprint arXiv:1603.02468},
    note = {\url {https://arxiv.org/abs/1603.02468}},
    year = {2016}
}

@article{kolosov_2022,
    title = {{106.37 An unusual identity for odd-powers}},
    volume = {106},
    DOI = {10.1017/mag.2022.129},
    number = {567},
    journal = {The Mathematical Gazette},
    publisher = {Cambridge University Press},
    author = {Kolosov, Petro},
    year = {2022},
    pages = {509â€“513},
    note = {\url {https://doi.org/10.1017/mag.2022.129}},
}
@MISC{GithubSource_2022,
    author = {Petro Kolosov},
    title = {{"Another approach to get derivative of odd-power" Source files}},
    howpublished = {Available electronically at \url {https://github.com/kolosovpetro/AnotherApproachToGetDerivativeOfOddPower}},
    year = {2022}
}